@inproceedings{Goodfellow2014,
  author    = {Ian J. Goodfellow and
               Jean Pouget{-}Abadie and
               Mehdi Mirza and
               Bing Xu and
               David Warde{-}Farley and
               Sherjil Ozair and
               Aaron C. Courville and
               Yoshua Bengio},
  title     = {Generative Adversarial Nets},
  booktitle = {Advances in Neural Information Processing Systems 27: Annual Conference
               on Neural Information Processing Systems 2014, December 8-13 2014,
               Montreal, Quebec, Canada},
  pages     = {2672--2680},
  year      = {2014},
  crossref  = {DBLP:conf/nips/2014},
  url       = {http://papers.nips.cc/paper/5423-generative-adversarial-nets},
  timestamp = {Wed, 10 Dec 2014 21:34:12 +0100},
  biburl    = {http://dblp.uni-trier.de/rec/bib/conf/nips/GoodfellowPMXWOCB14},
  bibsource = {dblp computer science bibliography, http://dblp.org}
}

@inproceedings{FinnGL16,
  author    = {Chelsea Finn and
               Ian J. Goodfellow and
               Sergey Levine},
  title     = {Unsupervised Learning for Physical Interaction through Video Prediction},
  booktitle = {Advances in Neural Information Processing Systems 29: Annual Conference
               on Neural Information Processing Systems 2016, December 5-10, 2016,
               Barcelona, Spain},
  pages     = {64--72},
  year      = {2016},
  crossref  = {DBLP:conf/nips/2016},
  url       = {http://papers.nips.cc/paper/6161-unsupervised-learning-for-physical-interaction-through-video-prediction},
  timestamp = {Fri, 03 Mar 2017 14:59:41 +0100},
  biburl    = {http://dblp.uni-trier.de/rec/bib/conf/nips/FinnGL16},
  bibsource = {dblp computer science bibliography, http://dblp.org}
}

@article{Abadi16,
  author    = {Mart{\'{\i}}n Abadi and
               David G. Andersen},
  title     = {Learning to Protect Communications with Adversarial Neural Cryptography},
  journal   = {CoRR},
  volume    = {abs/1610.06918},
  year      = {2016},
  url       = {http://arxiv.org/abs/1610.06918},
  timestamp = {Wed, 02 Nov 2016 09:51:26 +0100},
  biburl    = {http://dblp.uni-trier.de/rec/bib/journals/corr/AbadiA16},
  bibsource = {dblp computer science bibliography, http://dblp.org}
}

@article{Arora17,
  author    = {Sanjeev Arora and
               Rong Ge and
               Yingyu Liang and
               Tengyu Ma and
               Yi Zhang},
  title     = {Generalization and Equilibrium in Generative Adversarial Nets (GANs)},
  journal   = {CoRR},
  volume    = {abs/1703.00573},
  year      = {2017},
  url       = {http://arxiv.org/abs/1703.00573},
  timestamp = {Mon, 03 Apr 2017 12:41:34 +0200},
  biburl    = {http://dblp.uni-trier.de/rec/bib/journals/corr/Arora0LMZ17},
  bibsource = {dblp computer science bibliography, http://dblp.org}
}

@article{Goodfellow17,
  author    = {Ian J. Goodfellow},
  title     = {{NIPS} 2016 Tutorial: Generative Adversarial Networks},
  journal   = {CoRR},
  volume    = {abs/1701.00160},
  year      = {2017},
  url       = {http://arxiv.org/abs/1701.00160},
  timestamp = {Wed, 01 Feb 2017 17:47:56 +0100},
  biburl    = {http://dblp.uni-trier.de/rec/bib/journals/corr/Goodfellow17},
  bibsource = {dblp computer science bibliography, http://dblp.org}
}

@article{DBLP:journals/corr/GulrajaniAADC17,
  author    = {Ishaan Gulrajani and
               Faruk Ahmed and
               Mart{\'{\i}}n Arjovsky and
               Vincent Dumoulin and
               Aaron C. Courville},
  title     = {Improved Training of Wasserstein GANs},
  journal   = {CoRR},
  volume    = {abs/1704.00028},
  year      = {2017},
  url       = {http://arxiv.org/abs/1704.00028},
  timestamp = {Tue, 02 May 2017 14:18:23 +0200},
  biburl    = {http://dblp.uni-trier.de/rec/bib/journals/corr/GulrajaniAADC17},
  bibsource = {dblp computer science bibliography, http://dblp.org}
}

@article{Salimans2016,
    author = {Salimans, Tim and Goodfellow, Ian and Zaremba, Wojciech and Cheung, Vicki and Radford, Alec and Chen, Xi},
    citeulike-article-id = {14078252},
    citeulike-linkout-0 = {http://arxiv.org/pdf/1606.03498.pdf},
    keywords = {adverserial\_examples, deep\_learning\_architectures, deep\_learning\_theory, generative\_models, multilayer\_networks, networks, neural},
    posted-at = {2016-06-27 19:19:24},
    priority = {2},
    year = {2016},
    title = {{Improved Techniques for Training GANs}},
    url = {http://arxiv.org/pdf/1606.03498.pdf}
}

@article{DBLP:journals/corr/LedigTHCATTWS16,
  author    = {Christian Ledig and
               Lucas Theis and
               Ferenc Huszar and
               Jose Caballero and
               Andrew P. Aitken and
               Alykhan Tejani and
               Johannes Totz and
               Zehan Wang and
               Wenzhe Shi},
  title     = {Photo-Realistic Single Image Super-Resolution Using a Generative Adversarial
               Network},
  journal   = {CoRR},
  volume    = {abs/1609.04802},
  year      = {2016},
  url       = {http://arxiv.org/abs/1609.04802},
  timestamp = {Tue, 04 Oct 2016 08:10:36 +0200},
  biburl    = {http://dblp.uni-trier.de/rec/bib/journals/corr/LedigTHCATTWS16},
  bibsource = {dblp computer science bibliography, http://dblp.org}
}


@article{DBLP:journals/corr/ShrivastavaPTSW16,
  author    = {Ashish Shrivastava and
               Tomas Pfister and
               Oncel Tuzel and
               Josh Susskind and
               Wenda Wang and
               Russ Webb},
  title     = {Learning from Simulated and Unsupervised Images through Adversarial
               Training},
  journal   = {CoRR},
  volume    = {abs/1612.07828},
  year      = {2016},
  url       = {http://arxiv.org/abs/1612.07828},
  timestamp = {Mon, 02 Jan 2017 11:09:15 +0100},
  biburl    = {http://dblp.uni-trier.de/rec/bib/journals/corr/ShrivastavaPTSW16},
  bibsource = {dblp computer science bibliography, http://dblp.org}
}

@ARTICLE{Che+al-2017-augmented,
    author = {Che, Tong and Li, Yanran and Zhang, Ruixiang and Hjelm, Devon R and Li, Wenjie and Song, Yangqiu and Bengio, Yoshua},
  keywords = {Computer Science - Artificial Intelligence, Computer Science - Computation and Language, Computer Science - Learning},
     title = {Maximum-Likelihood Augmented Discrete Generative Adversarial Networks},
   journal = {arXiv e-prints},
    volume = {1702.07983},
      year = {2017},
       url = {https://arxiv.org/abs/1702.07983},
  crossref = {icml2017-submit}
}

@PROCEEDINGS{icml2017-submit,
      title = {Submitted to ICML 2017},
  booktitle = {Submitted to ICML 2017},
       year = {-1}
}

@article{DBLP:journals/corr/ArjovskyCB17,
  author    = {Mart{\'{\i}}n Arjovsky and
               Soumith Chintala and
               L{\'{e}}on Bottou},
  title     = {Wasserstein {GAN}},
  journal   = {CoRR},
  volume    = {abs/1701.07875},
  year      = {2017},
  url       = {http://arxiv.org/abs/1701.07875},
  timestamp = {Wed, 01 Feb 2017 17:47:56 +0100},
  biburl    = {http://dblp.uni-trier.de/rec/bib/journals/corr/ArjovskyCB17},
  bibsource = {dblp computer science bibliography, http://dblp.org}
}


@inproceedings{DBLP:conf/nips/NowozinCT16,
  author    = {Sebastian Nowozin and
               Botond Cseke and
               Ryota Tomioka},
  title     = {f-GAN: Training Generative Neural Samplers using Variational Divergence
               Minimization},
  booktitle = {Advances in Neural Information Processing Systems 29: Annual Conference
               on Neural Information Processing Systems 2016, December 5-10, 2016,
               Barcelona, Spain},
  pages     = {271--279},
  year      = {2016},
  crossref  = {DBLP:conf/nips/2016},
  url       = {http://papers.nips.cc/paper/6066-f-gan-training-generative-neural-samplers-using-variational-divergence-minimization},
  timestamp = {Fri, 03 Mar 2017 14:59:41 +0100},
  biburl    = {http://dblp.uni-trier.de/rec/bib/conf/nips/NowozinCT16},
  bibsource = {dblp computer science bibliography, http://dblp.org}
}

@proceedings{DBLP:conf/nips/2016,
  editor    = {Daniel D. Lee and
               Masashi Sugiyama and
               Ulrike von Luxburg and
               Isabelle Guyon and
               Roman Garnett},
  title     = {Advances in Neural Information Processing Systems 29: Annual Conference
               on Neural Information Processing Systems 2016, December 5-10, 2016,
               Barcelona, Spain},
  year      = {2016},
  url       = {http://papers.nips.cc/book/advances-in-neural-information-processing-systems-29-2016},
  timestamp = {Fri, 03 Mar 2017 14:59:41 +0100},
  biburl    = {http://dblp.uni-trier.de/rec/bib/conf/nips/2016},
  bibsource = {dblp computer science bibliography, http://dblp.org}
}

@article{DBLP:journals/corr/MetzPPS16,
  author    = {Luke Metz and
               Ben Poole and
               David Pfau and
               Jascha Sohl{-}Dickstein},
  title     = {Unrolled Generative Adversarial Networks},
  journal   = {CoRR},
  volume    = {abs/1611.02163},
  year      = {2016},
  url       = {http://arxiv.org/abs/1611.02163},
  timestamp = {Thu, 01 Dec 2016 19:32:08 +0100},
  biburl    = {http://dblp.uni-trier.de/rec/bib/journals/corr/MetzPPS16},
  bibsource = {dblp computer science bibliography, http://dblp.org}
}

@article{DBLP:journals/corr/RadfordMC15,
  author    = {Alec Radford and
               Luke Metz and
               Soumith Chintala},
  title     = {Unsupervised Representation Learning with Deep Convolutional Generative
               Adversarial Networks},
  journal   = {CoRR},
  volume    = {abs/1511.06434},
  year      = {2015},
  url       = {http://arxiv.org/abs/1511.06434},
  timestamp = {Tue, 01 Dec 2015 19:22:34 +0100},
  biburl    = {http://dblp.uni-trier.de/rec/bib/journals/corr/RadfordMC15},
  bibsource = {dblp computer science bibliography, http://dblp.org}
}

@article{DBLP:journals/corr/HjelmJCCB17,
  author    = {R. Devon Hjelm and
               Athul Paul Jacob and
               Tong Che and
               Kyunghyun Cho and
               Yoshua Bengio},
  title     = {Boundary-Seeking Generative Adversarial Networks},
  journal   = {CoRR},
  volume    = {abs/1702.08431},
  year      = {2017},
  url       = {http://arxiv.org/abs/1702.08431},
  timestamp = {Wed, 01 Mar 2017 14:26:00 +0100},
  biburl    = {http://dblp.uni-trier.de/rec/bib/journals/corr/HjelmJCCB17},
  bibsource = {dblp computer science bibliography, http://dblp.org}
}

@article{DBLP:journals/corr/HuangLPHB16,
  author    = {Xun Huang and
               Yixuan Li and
               Omid Poursaeed and
               John E. Hopcroft and
               Serge J. Belongie},
  title     = {Stacked Generative Adversarial Networks},
  journal   = {CoRR},
  volume    = {abs/1612.04357},
  year      = {2016},
  url       = {http://arxiv.org/abs/1612.04357},
  timestamp = {Mon, 02 Jan 2017 11:09:15 +0100},
  biburl    = {http://dblp.uni-trier.de/rec/bib/journals/corr/HuangLPHB16},
  bibsource = {dblp computer science bibliography, http://dblp.org}
}

@article{DBLP:journals/corr/OdenaOS16,
  author    = {Augustus Odena and
               Christopher Olah and
               Jonathon Shlens},
  title     = {Conditional Image Synthesis With Auxiliary Classifier GANs},
  journal   = {CoRR},
  volume    = {abs/1610.09585},
  year      = {2016},
  url       = {http://arxiv.org/abs/1610.09585},
  timestamp = {Wed, 02 Nov 2016 09:51:26 +0100},
  biburl    = {http://dblp.uni-trier.de/rec/bib/journals/corr/OdenaOS16},
  bibsource = {dblp computer science bibliography, http://dblp.org}
}